@inproceedings{Symbiotic,
  author    = {Marek Chalupa and
               Martina Vitovsk{\'{a}} and
               Martin Jon{\'{a}}s and
               Jiri Slaby and
               Jan Strejcek},
  title     = {Symbiotic 4: Beyond Reachability - (Competition Contribution)},
  booktitle = {Tools and Algorithms for the Construction and Analysis of Systems
               - 23rd International Conference, {TACAS} 2017, Held as Part of the
               European Joint Conferences on Theory and Practice of Software, {ETAPS}
               2017, Uppsala, Sweden, April 22-29, 2017, Proceedings, Part {II}},
  pages     = {385--389},
  year      = {2017},
  crossref  = {DBLP:conf/tacas/2017-2},
  url       = {https://doi.org/10.1007/978-3-662-54580-5_28},
  doi       = {10.1007/978-3-662-54580-5_28},
  timestamp = {Wed, 24 May 2017 08:28:32 +0200},
  biburl    = {http://dblp.org/rec/bib/conf/tacas/ChalupaVJSS17},
  bibsource = {dblp computer science bibliography, http://dblp.org}
}
